% Encoding: windows-1252

@Book{Wood2006,
  title       = {Generalized Additive Models: an introduction with R},
  publisher   = {CRC/Chapman \& Hall},
  year        = {2006},
  author      = {Simon N. Wood},
  file        = {Wood2006.pdf:Wood2006.pdf:PDF},
  owner       = {Tiago},
  subdatabase = {other},
  timestamp   = {2007.10.31},
}

@Book{Zuur2009b,
  title     = {Mixed Effects Models And Extensions In Ecology With R},
  publisher = {Springer},
  year      = {2009},
  author    = {Alain F. Zuur and Elena N. Ieno and Neil Walker and Anatoly A. Saveliev and Graham M. Smith},
  file      = {:Zuur_Mixed-effects-models-and-extensions-in-ecology-with-R.pdf:PDF;chapter 2 ONLY:Zuur-c2.pdf:PDF},
  owner     = {tiago},
  timestamp = {2012.04.18},
}

@Book{Faraway2006,
  title     = {Extending the Linear Model with R},
  publisher = {Chapman \& Hall / CRC},
  year      = {2006},
  author    = {Faraway, J. J.},
  owner     = {Tiago},
  timestamp = {2008.04.04},
}

@Comment{jabref-meta: databaseType:bibtex;}

@Comment{jabref-meta: grouping:
0 AllEntriesGroup:;
1 StaticGroup:Acoustics Today\;0\;1\;\;\;\;;
1 KeywordGroup:ASTASI\;0\;keywords\;astasi\;0\;0\;1\;\;\;\;;
1 KeywordGroup:CV ONLINE\;0\;subdatabase\;cvonline\;0\;0\;1\;\;\;\;;
1 KeywordGroup:other\;0\;subdatabase\;other\;0\;0\;1\;\;\;\;;
1 KeywordGroup:Post Doc\;0\;subdatabase\;postdoc\;0\;0\;1\;\;\;\;;
1 KeywordGroup:PRINTED\;0\;paperprinted\;yes\;0\;0\;1\;\;\;\;;
1 KeywordGroup:R\;0\;subdatabase\;R\;1\;0\;1\;\;\;\;;
1 KeywordGroup:Regina\;0\;subdatabase\;Regina\;0\;0\;1\;\;\;\;;
1 KeywordGroup:reviews\;0\;subdatabase\;reviews\;0\;0\;1\;\;\;\;;
1 StaticGroup:To READ\;0\;1\;\;\;\;;
1 KeywordGroup:Web Page\;0\;subdatabase\;distance\;0\;0\;1\;\;\;\;;
1 KeywordGroup:LMR\;0\;keywords\;LMR\;0\;0\;1\;\;\;\;;
1 StaticGroup:Click rates from depth tags\;0\;1\;\;\;\;;
1 StaticGroup:GROUPAM\;0\;1\;\;\;\;;
}

@Comment{jabref-meta: groupsversion:
3;
}

@Comment{jabref-meta: selector_journal:Applied Acoustics;Canadian Journal of Fisheries and Aquatic Sciences;Environmental and Ecological Statistics;Journal of Agricultural, Biological, and Environmental Statistics;Journal of Applied Ecology;Journal of Cetacean Research and Management;Journal of Experimental Biology;Journal of the Marine BiologicalAssociation of the United Kingdom;Journal of Wildlife Management;Marine Ecology Progress Series;Marine Mammal Science;The Journal of the Acoustical Society of America;}

@Comment{jabref-meta: selector_subdatabase:animal movement;bad papers;Bayes;beaked;bio3;biostatistics;borboletas;citAuk2007;citBiom2004;cvonline;distance;estimating animal abundance;general cetaceans;general statistics;hares;holmes;humpback;latte;LATTE;luisa;matematica;measurement error;minke;munger;OBS;other;postdoc;postdocII;R;Regina;reviews;roads;Sardinha;secr;sperm;state-space models;talk;temporary;tex;thankyou;}
